@misc{zhu2006semisupervised,
  title  = {Semi-Supervised Learning. Tutorial},
  author = {Xiaojin Zhu},
  year   = {2007}
}

@misc{goodfellow2015explaining,
  title         = {Explaining and Harnessing Adversarial Examples},
  author        = {Ian J. Goodfellow and Jonathon Shlens and Christian Szegedy},
  year          = {2015},
  eprint        = {1412.6572},
  archiveprefix = {arXiv},
  primaryclass  = {stat.ML}
}

@misc{madry2019deep,
  title         = {Towards Deep Learning Models Resistant to Adversarial Attacks},
  author        = {Aleksander Madry and Aleksandar Makelov and Ludwig Schmidt and Dimitris Tsipras and Adrian Vladu},
  year          = {2019},
  eprint        = {1706.06083},
  archiveprefix = {arXiv},
  primaryclass  = {stat.ML}
}

@misc{hendrycks2019benchmarking,
  title         = {Benchmarking Neural Network Robustness to Common Corruptions and Surface Variations},
  author        = {Dan Hendrycks and Thomas G. Dietterich},
  year          = {2019},
  eprint        = {1807.01697},
  archiveprefix = {arXiv},
  primaryclass  = {cs.LG}
}

@misc{xie2020selftraining,
  title         = {Self-training with Noisy Student improves ImageNet classification},
  author        = {Qizhe Xie and Minh-Thang Luong and Eduard Hovy and Quoc V. Le},
  year          = {2020},
  eprint        = {1911.04252},
  archiveprefix = {arXiv},
  primaryclass  = {cs.LG}
}

@misc{cubuk2019randaugment,
  title         = {RandAugment: Practical automated data augmentation with a reduced search space},
  author        = {Ekin D. Cubuk and Barret Zoph and Jonathon Shlens and Quoc V. Le},
  year          = {2019},
  eprint        = {1909.13719},
  archiveprefix = {arXiv},
  primaryclass  = {cs.CV}
}

@misc{huang2016deep,
  title         = {Deep Networks with Stochastic Depth},
  author        = {Gao Huang and Yu Sun and Zhuang Liu and Daniel Sedra and Kilian Weinberger},
  year          = {2016},
  eprint        = {1603.09382},
  archiveprefix = {arXiv},
  primaryclass  = {cs.LG}
}

@misc{hinton2015distilling,
  title         = {Distilling the Knowledge in a Neural Network},
  author        = {Geoffrey Hinton and Oriol Vinyals and Jeff Dean},
  year          = {2015},
  eprint        = {1503.02531},
  archiveprefix = {arXiv},
  primaryclass  = {stat.ML}
}

@misc{szegedy2015rethinking,
  title         = {Rethinking the Inception Architecture for Computer Vision},
  author        = {Christian Szegedy and Vincent Vanhoucke and Sergey Ioffe and Jonathon Shlens and Zbigniew Wojna},
  year          = {2015},
  eprint        = {1512.00567},
  archiveprefix = {arXiv},
  primaryclass  = {cs.CV}
}

@misc{zhang2018mixup,
  title         = {mixup: Beyond Empirical Risk Minimization},
  author        = {Hongyi Zhang and Moustapha Cisse and Yann N. Dauphin and David Lopez-Paz},
  year          = {2018},
  eprint        = {1710.09412},
  archiveprefix = {arXiv},
  primaryclass  = {cs.LG}
}

@misc{guo2017calibration,
  title         = {On Calibration of Modern Neural Networks},
  author        = {Chuan Guo and Geoff Pleiss and Yu Sun and Kilian Q. Weinberger},
  year          = {2017},
  eprint        = {1706.04599},
  archiveprefix = {arXiv},
  primaryclass  = {cs.LG}
}

@misc{goibert2019adversarial,
  title         = {Adversarial Robustness via Label-Smoothing},
  author        = {Morgane Goibert and Elvis Dohmatob},
  year          = {2019},
  eprint        = {1906.11567},
  archiveprefix = {arXiv},
  primaryclass  = {cs.LG}
}